@PHDTHESIS{phd_Hegyhati,
   author = {Hegyháti, Máté},
	year = {2015},
	school = {Doctoral School of Information Science and Technology -- University of Pannonia},
	title = {Batch Process Scheduling: Extensions of the S-graph Framework}
}
